@misc

{ref1,

author={LigueHDF},

title={Création ligue triathlon},

month={Février},

year={2018},

note={http://triathlonhdf.fr/samedi-03-fevrier-2018-la-ligue-des-hauts-de-france-de-triathlon-est-creee/}

}
 
